<?xml version="1.0" encoding="UTF-8"?><collection xmlns="http://www.loc.gov/MARC21/slim"><record><leader>00449nam--2200133-i-4500</leader><controlfield tag="001">000035501</controlfield><controlfield tag="002">20161230</controlfield><controlfield tag="005">20161230201040</controlfield><controlfield tag="008">060222s1000------------r-----000-0-eng-d</controlfield><datafield ind1=" " ind2=" " tag="080"><subfield code="a">543.5</subfield></datafield><datafield ind1=" " ind2=" " tag="100"><subfield code="a">Nasr, Eddine Mahmoud</subfield></datafield><datafield ind1=" " ind2=" " tag="245"><subfield code="a">Contribution a l`etude du nitrure de chrome  a basses temperatures par diffractions de rayons x et de neutrons.these</subfield></datafield><datafield ind1=" " ind2=" " tag="260"><subfield code="a">Grenoble, Faculte Des Sciences De L`Universite De Grenoble, 1969. 60p</subfield></datafield><datafield ind1=" " ind2=" " tag="852"><subfield code="a">34359</subfield></datafield></record></collection>